@misc{noauthor_probabilistic_nodate,
	title = {Probabilistic {Model} {Selection} with {AIC}, {BIC}, and {MDL} - {MachineLearningMastery}.com},
	url = {https://machinelearningmastery.com/probabilistic-model-selection-measures/},
	urldate = {2023-11-08},
}
